<record><leader>00000cas a2200000 a 4500</leader><controlfield tag="001">12598841</controlfield><controlfield tag="008">850925d19291931ksuwr ne      0    0eng d</controlfield><datafield ind1=" " ind2=" " tag="010"><subfield code="a">sn 85031691 </subfield></datafield><datafield ind1=" " ind2=" " tag="040"><subfield code="a">KSH</subfield><subfield code="b">eng</subfield><subfield code="c">KSH</subfield><subfield code="d">NPT</subfield><subfield code="d">OCL</subfield><subfield code="d">OCLCQ</subfield></datafield><datafield ind1=" " ind2=" " tag="042"><subfield code="a">msc</subfield></datafield><datafield ind1="0" ind2=" " tag="130"><subfield code="a">Labor review (Salina, Kan.)</subfield></datafield><datafield ind1="1" ind2="4" tag="245"><subfield code="a">The labor review.</subfield></datafield><datafield ind1=" " ind2=" " tag="260"><subfield code="a">Salina, Kan. :</subfield><subfield code="b">Roy Balling,</subfield><subfield code="c">1929-1931.</subfield></datafield><datafield ind1=" " ind2=" " tag="300"><subfield code="a">2 v. :</subfield><subfield code="b">ill. ;</subfield><subfield code="c">54 cm.</subfield></datafield><datafield ind1=" " ind2=" " tag="310"><subfield code="a">Weekly</subfield></datafield><datafield ind1="0" ind2=" " tag="362"><subfield code="a">Vol. 4, no. 23 (Dec. 27, 1929)-v. 5, no. 5 (Apr. 22, 1930) ; v. 2, no. 7 (Sept. 26 [i.e. 5], 1930)-v. 2, no. 40 (Apr. 24, 1931).</subfield></datafield><datafield ind1=" " ind2=" " tag="500"><subfield code="a">Published by: Building Trades Council, May 2-Sept. 19, 1930; E.W. Bank Printing Co., Sept. 26 [i.e. 5], 1930.</subfield></datafield><datafield ind1=" " ind2=" " tag="525"><subfield code="a">Supplement included with Sept. [5], 1930 issue called: Annual Labor Day edition."</subfield></datafield><datafield ind1=" " ind2=" " tag="752"><subfield code="a">United States</subfield><subfield code="b">Kansas</subfield><subfield code="c">Saline</subfield><subfield code="d">Salina.</subfield></datafield><datafield ind1="0" ind2="0" tag="780"><subfield code="t">Salina labor review</subfield><subfield code="w">(DLC)sn 85031826</subfield></datafield><datafield ind1="0" ind2="7" tag="785"><subfield code="t">Salina sun (Salina, Kan. : 1889)</subfield><subfield code="w">(DLC)sn 85032668</subfield></datafield><datafield ind1="0" ind2="7" tag="785"><subfield code="t">Salina sun and Salina labor review</subfield><subfield code="w">(DLC)sn 85032669</subfield></datafield><datafield ind1="1" ind2=" " tag="029"><subfield code="a">AU@</subfield><subfield code="b">000022173174</subfield></datafield></record>